[gd_scene load_steps=12 format=2]

[ext_resource path="res://Assets/poof/5.PNG" type="Texture" id=1]
[ext_resource path="res://Assets/poof/4.PNG" type="Texture" id=2]
[ext_resource path="res://Assets/poof/1.PNG" type="Texture" id=3]
[ext_resource path="res://Assets/poof/3.PNG" type="Texture" id=4]
[ext_resource path="res://Assets/poof/2.PNG" type="Texture" id=5]

[sub_resource type="Gradient" id=1]
offsets = PoolRealArray( 0, 0.493151 )
colors = PoolColorArray( 1, 1, 1, 1, 1, 1, 1, 0 )

[sub_resource type="GradientTexture" id=2]
gradient = SubResource( 1 )

[sub_resource type="Curve" id=3]
_data = [ Vector2( 0, 0 ), 0.0, 3.245, 0, 0, Vector2( 1, 1 ), 2.75, 0.0, 0, 0 ]

[sub_resource type="CurveTexture" id=4]
curve = SubResource( 3 )

[sub_resource type="ParticlesMaterial" id=5]
lifetime_randomness = 0.08
emission_shape = 1
emission_sphere_radius = 1.0
flag_disable_z = true
angular_velocity = 76.95
orbit_velocity = 0.0
orbit_velocity_random = 0.0
tangential_accel = 12.21
scale_curve = SubResource( 4 )
color_ramp = SubResource( 2 )

[sub_resource type="AnimatedTexture" id=6]
frames = 5
frame_0/texture = ExtResource( 1 )
frame_1/texture = ExtResource( 2 )
frame_1/delay_sec = 0.0
frame_2/texture = ExtResource( 4 )
frame_2/delay_sec = 0.0
frame_3/texture = ExtResource( 5 )
frame_3/delay_sec = 0.0
frame_4/texture = ExtResource( 3 )
frame_4/delay_sec = 0.0

[node name="Poof" type="Particles2D"]
pause_mode = 2
scale = Vector2( 4, 4 )
emitting = false
amount = 1
one_shot = true
randomness = 0.39
process_material = SubResource( 5 )
texture = SubResource( 6 )

[node name="Life" type="Timer" parent="."]
one_shot = true
autostart = true
